
@book{wickham2023,
	title = {dplyr: A Grammar of Data Manipulation},
	author = {Wickham, Hadley and {François}, Romain and Henry, Lionel and {Müller}, Kirill and Vaughan, Davis},
	year = {2023},
	date = {2023},
	url = {https://dplyr.tidyverse.org}
}

@book{wickham2024,
	title = {tidyr: Tidy Messy Data},
	author = {Wickham, Hadley and Vaughan, Davis and Girlich, Maximilian},
	year = {2024},
	date = {2024},
	url = {https://tidyr.tidyverse.org}
}

@article{detomasi2020,
	title = {ech: Caja de herramientas para procesar la Encuesta Continua de Hogares},
	author = {Detomasi, {Gabriela Mathieu & Richard}},
	year = {2020},
	date = {2020},
	url = {https://github.com/calcita/ech}
}

@book{kozlowski2020,
	title = {eph: Argentina's Permanent Household Survey Data and Manipulation Utilities},
	author = {Kozlowski, Diego and Tiscornia, Pablo and Weksler, Guido and Rosati, German and Shokida, Natsumi},
	year = {2020},
	date = {2020},
	url = {https://holatam.github.io/eph/},
	note = {DOI: 10.5281/zenodo.3462677}
}

@book{rcoreteam2023,
	title = {R: A Language and Environment for Statistical Computing},
	author = {R Core Team, },
	year = {2023},
	date = {2023},
	publisher = {R Foundation for Statistical Computing},
	url = {https://www.R-project.org/},
	address = {Vienna, Austria}
}

@book{bischl2024,
	title = {Applied Machine Learning Using mlr3 in R},
	author = {Bischl, B. and Sonabend, R. and Kottoff, L. and Lang, M.},
	editor = {Bischl, Bernd and Sonabend, Raphael and Kotthoff, Lars},
	year = {2024},
	date = {2024},
	publisher = {CRC Press},
	url = {https://mlr3book.mlr-org.com/}
}

@book{walker2024,
	title = {tidycensus: Load US Census Boundary and Attribute Data as 'tidyverse' and 'sf'-Ready Data Frames},
	author = {Walker, Kyle and Herman, Matt},
	year = {2024},
	date = {2024},
	url = {https://walker-data.com/tidycensus/}
}

@book{kuhn2024,
	title = {recipes: Preprocessing and Feature Engineering Steps for Modeling},
	author = {Kuhn, Max and Wickham, Hadley and Hvitfeldt, Emil},
	year = {2024},
	date = {2024},
	url = {https://github.com/tidymodels/recipes}
}

@book{chang2022,
	title = {R6: Encapsulated Classes with Reference Semantics},
	author = {Chang, Winston},
	year = {2022},
	date = {2022}
}

@book{wickham2019,
	title = {Advanced R, Second Edition},
	author = {Wickham, Hadley},
	year = {2019},
	date = {2019},
	publisher = {CRC Press}
}

@book{thomasmailund2017,
	title = {Metaprogramming in R},
	author = {Thomas Mailund, },
	year = {2017},
	month = {02},
	date = {2017-02-07},
	publisher = {Apress},
	edition = {1},
	url = {https://www.amazon.com/Metaprogramming-Advanced-Statistical-Programming-Analysis/dp/1484228804}
}

@book{mailund2017,
	title = {Advanced Object-Oriented Programming in R: Statistical Programming for Data Science, Analysis and Finance},
	author = {Mailund, Thomas},
	year = {2017},
	month = {01},
	date = {2017-01-01},
	publisher = {SPRINGER},
	langid = {English}
}


@book{roxygen2,
	title = {roxygen2: {In}-{Line} {Documentation} for {R}},
	url = {https://roxygen2.r-lib.org/},
	author = {Wickham, Hadley and Danenberg, Peter and Csárdi, Gábor and Eugster, Manuel},
	year = {2024},
	annote = {R package version 7.3.1, https://github.com/r-lib/roxygen2},
}


@article{wickham2011,
	title = {testthat: Get Started with Testing},
	author = {Wickham, Hadley},
	year = {2011},
	date = {2011},
	journal = {The R Journal},
	pages = {5{\textendash}10},
	volume = {3},
	url = {https://journal.r-project.org/archive/2011-1/RJournal_2011-1_Wickham.pdf}
}


@article{metodolog,
	title = {Metodolog{\'\i}a de la {Encuesta} {Continua} de {Hogares} {Instituto} {Nacional} de {Estad{\'\i}stica}},
	url = {https://www.ine.gub.uy},
	year = {2021},
	author = {{Instituto Nacional de Estad{\'\i}stica}}
	}


@book{särndal2003,
	title = {Model Assisted Survey Sampling},
	author = {{Särndal}, Carl-Erik and Swensson, Bengt and Wretman, Jan},
	year = {2003},
	month = {10},
	date = {2003-10-31},
	publisher = {Springer Science & Business Media},
	note = {Google-Books-ID: ufdONK3E1TcC},
	langid = {en}
}

@article{horvitz1952,
	title = {A Generalization of Sampling Without Replacement From a Finite Universe},
	author = {Horvitz, D. G. and Thompson, D. J.},
	year = {1952},
	date = {1952},
	journal = {Journal of the American Statistical Association},
	pages = {663--685},
	volume = {47},
	number = {260},
	doi = {10.2307/2280784},
	url = {https://www.jstor.org/stable/2280784},
	note = {Publisher: [American Statistical Association, Taylor & Francis, Ltd.]}
}

@book{ellis2023,
	title = {srvyr: 'dplyr'-Like Syntax for Summary Statistics of Survey Data},
	author = {Ellis, Greg Freedman and Schneider, Ben},
	year = {2023},
	date = {2023},
	url = {https://CRAN.R-project.org/package=srvyr}
}

@article{lumley2024,
	title = {survey: analysis of complex survey samples},
	author = {Lumley, Thomas},
	year = {2024},
	date = {2024}
}

@book{chevalier2023,
	title = {gustave: A User-Oriented Statistical Toolkit for Analytical Variance Estimation},
	author = {Chevalier, Martin},
	year = {2023},
	date = {2023},
	url = {https://CRAN.R-project.org/package=gustave}
}

@book{breidaks2020,
	title = {vardpoor: Estimation of indicators on social exclusion and poverty and its linearization, variance estimation},
	author = {Breidaks, Juris and Liberts, Martins and Ivanova, Santa},
	year = {2020},
	date = {2020},
	publisher = {Central Statistical Bureau of Latvia},
	url = {https://csblatvia.github.io/vardpoor/},
	address = {Riga, Latvia}
}

@article{schneider2023,
	title = {svrep: Tools for Creating, Updating, and Analyzing Survey Replicate Weights},
	author = {Schneider, Benjamin},
	year = {2023},
	date = {2023},
	url = {https://CRAN.R-project.org/package=svrep}
}

@book{vargas2024,
	title = {casen: Metodos De Estimacion Con Disenio Probabilistico y Estratificado en Encuesta CASEN (Estimation Methods with Probabilistic Stratified Sampling in CASEN Survey)},
	author = {Vargas, Mauricio},
	year = {2024},
	date = {2024},
	url = {https://pacha.dev/casen/}
}

@article{baker2015,
	title = {Reproducibility crisis: Blame it on the antibodies},
	author = {Baker, Monya},
	year = {2015},
	month = {05},
	date = {2015-05-01},
	journal = {Nature},
	pages = {274--276},
	volume = {521},
	number = {7552},
	doi = {10.1038/521274a},
	url = {https://www.nature.com/articles/521274a},
	note = {Publisher: Nature Publishing Group},
	langid = {en}
}

@article{vilhuber2020,
	title = {Reproducibility and Replicability in Economics},
	author = {Vilhuber, Lars},
	year = {2020},
	month = {07},
	date = {2020-07-15},
	journal = {Harvard Data Science Review},
	volume = {2},
	number = {4},
	doi = {10.1162/99608f92.4f6b9e67},
	url = {https://hdsr.mitpress.mit.edu/pub/fgpmpj1l/release/3},
	langid = {en}
}

@article{bechhofer2013,
	title = {Why linked data is not enough for scientists},
	author = {Bechhofer, Sean and Buchan, Iain and De Roure, David and Missier, Paolo and Ainsworth, John and Bhagat, Jiten and Couch, Philip and Cruickshank, Don and Delderfield, Mark and Dunlop, Ian and Gamble, Matthew and Michaelides, Danius and Owen, Stuart and Newman, David and Sufi, Shoaib and Goble, Carole},
	year = {2013},
	month = {02},
	date = {2013-02-01},
	journal = {Future Generation Computer Systems},
	pages = {599--611},
	series = {Special section: Recent advances in e-Science},
	volume = {29},
	number = {2},
	doi = {10.1016/j.future.2011.08.004},
	url = {https://www.sciencedirect.com/science/article/pii/S0167739X11001439}
}

@article{prabhu2020,
	title = {Reproducible Workflow},
	author = {Prabhu, Anirudh and Fox, Peter},
	year = {2020},
	month = {12},
	date = {2020-12-24},
	url = {http://arxiv.org/abs/2012.13427},
	note = {arXiv:2012.13427 [cs, math, stat]}
}

@article{cohen-boulakia2017,
	title = {Scientific workflows for computational reproducibility in the life sciences: Status, challenges and opportunities},
	author = {Cohen-Boulakia, Sarah and Belhajjame, Khalid and Collin, Olivier and Chopard, {Jérôme} and Froidevaux, Christine and Gaignard, Alban and Hinsen, Konrad and Larmande, Pierre and Bras, Yvan Le and Lemoine, {Frédéric} and Mareuil, Fabien and {Ménager}, {Hervé} and Pradal, Christophe and Blanchet, Christophe},
	year = {2017},
	month = {10},
	date = {2017-10-01},
	journal = {Future Generation Computer Systems},
	pages = {284--298},
	volume = {75},
	doi = {10.1016/j.future.2017.01.012},
	url = {https://www.sciencedirect.com/science/article/pii/S0167739X17300316}
}

@inproceedings{mitchell2019,
	title = {Model Cards for Model Reporting},
	author = {Mitchell, Margaret and Wu, Simone and Zaldivar, Andrew and Barnes, Parker and Vasserman, Lucy and Hutchinson, Ben and Spitzer, Elena and Raji, Inioluwa Deborah and Gebru, Timnit},
	year = {2019},
	month = {01},
	date = {2019-01-29},
	pages = {220--229},
	doi = {10.1145/3287560.3287596},
	url = {http://arxiv.org/abs/1810.03993},
	note = {arXiv:1810.03993 [cs]}
}

@article{landau2021,
	title = {The targets R package: a dynamic Make-like function-oriented pipeline toolkit for reproducibility and high-performance computing},
	author = {Landau, William Michael},
	year = {2021},
	date = {2021},
	journal = {Journal of Open Source Software},
	pages = {2959},
	volume = {6},
	number = {57},
	url = {https://doi.org/10.21105/joss.02959}
}

@article{landau2018,
	title = {The drake R package: a pipeline toolkit for reproducibility and high-performance computing},
	author = {Landau, William Michael},
	year = {2018},
	date = {2018},
	journal = {Journal of Open Source Software},
	volume = {3},
	number = {21},
	url = {https://doi.org/10.21105/joss.00550}
}

@article{binder2021,
	title = {mlr3pipelines - Flexible Machine Learning Pipelines in R},
	author = {Binder, Martin and Pfisterer, Florian and Lang, Michel and Schneider, Lennart and Kotthoff, Lars and Bischl, Bernd},
	year = {2021},
	date = {2021},
	journal = {Journal of Machine Learning Research},
	pages = {1--7},
	volume = {22},
	number = {184},
	url = {https://jmlr.org/papers/v22/21-0281.html}
}

@article{sandve2013,
	title = {Ten Simple Rules for Reproducible Computational Research},
	author = {Sandve, Geir Kjetil and Nekrutenko, Anton and Taylor, James and Hovig, Eivind},
	year = {2013},
	month = {10},
	date = {2013-10-24},
	journal = {PLOS Computational Biology},
	pages = {e1003285},
	volume = {9},
	number = {10},
	doi = {10.1371/journal.pcbi.1003285},
	url = {https://journals.plos.org/ploscompbiol/article?id=10.1371/journal.pcbi.1003285},
	note = {Publisher: Public Library of Science},
	langid = {en}
}

@book{ushey2023,
	title = {renv: Project Environments},
	author = {Ushey, Kevin and Wickham, Hadley},
	year = {2023},
	date = {2023},
	url = {https://CRAN.R-project.org/package=renv}
}

@article{merkel2014,
	title = {Docker: lightweight linux containers for consistent development and deployment},
	author = {Merkel, Dirk},
	year = {2014},
	date = {2014},
	journal = {Linux journal},
	pages = {2},
	volume = {2014},
	number = {239}
}

@book{pythonsoftwarefoundation2024,
	title = {Python 3 Documentation: venv - Creation of virtual environments},
	author = {Python Software Foundation, },
	year = {2024},
	date = {2024},
	publisher = {Python Software Foundation},
	url = {https://docs.python.org/3/library/venv.html}
}

@article{apachea,
	title = {Apache Airflow Documentation},
	url = {https://airflow.apache.org/docs/latest/}
}

@book{expectations2024,
	title = {Great Expectations Documentation},
	author = {Expectations, Great},
	year = {2024},
	date = {2024},
	publisher = {Superconductive},
	url = {https://docs.greatexpectations.io}
}

@article{davison2012,
	title = {Sumatra: A toolkit for reproducible research},
	author = {Davison, Andrew P and Huth, John E},
	year = {2012},
	date = {2012},
	journal = {arXiv preprint arXiv:1207.5548}
}

@article{knuth1984,
	title = {Literate programming},
	author = {Knuth, Donald E.},
	year = {1984},
	date = {1984},
	journal = {The Computer Journal},
	pages = {97{\textendash}111},
	volume = {27},
	number = {2},
	note = {Publisher: Oxford University Press}
}

@book{allaire2024,
	title = {RMarkdown},
	author = {Allaire, JJ and Xie, Yihui and McPherson, Jade and Luraschi, Joseph and Ushey, Kevin and Atkins, Amber},
	year = {2024},
	date = {2024},
	url = {https://rmarkdown.rstudio.com/}
}

@book{publishing2024,
	title = {Quarto},
	author = {Publishing, Quarto},
	year = {2024},
	date = {2024},
	url = {https://www.quartoknows.com/}
}

@book{kluyver2024,
	title = {Jupyter Notebook},
	author = {Kluyver, Thomas and Ragan-Kelley, Benjamin and {Pérez}, Fernando and Granger, Brian and Bussonnier, Matthias and Frederic, Jonathan and Kelley, Kyle and Hamrick, Jessica and Grout, Jason and Corlay, Sylvain and others, },
	year = {2024},
	date = {2024},
	url = {https://jupyter.org/}
}

@book{anaconda2024,
	title = {Anaconda Distribution},
	author = {Anaconda, Inc.},
	year = {2024},
	date = {2024},
	url = {https://www.anaconda.com/}
}

@misc{implemen,
	title = {Implementing Reproducible Research},
	url = {https://www.routledge.com/Implementing-Reproducible-Research/Stodden-Leisch-Peng/p/book/9780367576172},
	langid = {en}
}

@book{stodden2014,
	title = {Implementing Reproducible Research},
	author = {Stodden, Victoria and Leisch, Friedrich and Peng, Roger D.},
	year = {2014},
	month = {04},
	date = {2014-04-14},
	publisher = {CRC Press},
	note = {Google-Books-ID: JcmSAwAAQBAJ},
	langid = {en}
}

@article{deville1998,
	title = {Unequal Probability Sampling Without Replacement Through a Splitting Method},
	author = {Deville, Jean-Claude and Tille, Yves},
	year = {1998},
	date = {1998},
	journal = {Biometrika},
	pages = {89--101},
	volume = {85},
	number = {1},
	url = {https://www.jstor.org/stable/2337311},
	note = {Publisher: [Oxford University Press, Biometrika Trust]}
}

@article{deville2005,
	title = {Variance approximation under balanced sampling},
	author = {Deville, Jean-Claude and {Tillé}, Yves},
	year = {2005},
	month = {02},
	date = {2005-02-01},
	journal = {Journal of Statistical Planning and Inference},
	pages = {569--591},
	volume = {128},
	number = {2},
	doi = {10.1016/j.jspi.2003.11.011},
	url = {https://www.sciencedirect.com/science/article/pii/S0378375804000035}
}

@article{escobar2013,
	title = {A new replicate variance estimator for unequal probability sampling without replacement},
	author = {Escobar, Emilio L. and Berger, Yves G.},
	year = {2013},
	date = {2013},
	journal = {The Canadian Journal of Statistics / La Revue Canadienne de Statistique},
	pages = {508--524},
	volume = {41},
	number = {3},
	url = {https://www.jstor.org/stable/43186201},
	note = {Publisher: [Statistical Society of Canada, Wiley]}
}

@article{hajek1964,
	title = {Asymptotic Theory of Rejective Sampling with Varying Probabilities from a Finite Population},
	author = {Hajek, Jaroslav},
	year = {1964},
	month = {12},
	date = {1964-12},
	journal = {The Annals of Mathematical Statistics},
	pages = {1491--1523},
	volume = {35},
	number = {4},
	doi = {10.1214/aoms/1177700375},
	url = {https://projecteuclid.org/journals/annals-of-mathematical-statistics/volume-35/issue-4/Asymptotic-Theory-of-Rejective-Sampling-with-Varying-Probabilities-from-a/10.1214/aoms/1177700375.full},
	note = {Publisher: Institute of Mathematical Statistics}
}

@book{escobar2023,
	title = {samplingVarEst: Sampling Variance Estimation},
	author = {Escobar, Emilio Lopez and Zamudio, Ernesto Barrios and Rosas, Juan Francisco Munoz},
	year = {2023},
	date = {2023}
}

@book{lumley2011,
	title = {Complex Surveys: A Guide to Analysis Using R},
	author = {Lumley, Thomas},
	year = {2011},
	month = {09},
	date = {2011-09-20},
	publisher = {John Wiley & Sons},
	note = {Google-Books-ID: L96ludyhFBsC},
	langid = {en}
}

@misc{cook2014,
	title = {Statistical computing research |},
	author = {Cook, Di},
	year = {2014},
	month = {10},
	date = {2014-10-05},
	url = {http://dicook.org/2014/10/05/content/post/2014-10-5-statistical-computing/},
	langid = {en-us}
}

@article{chambers2014,
	title = {Object-Oriented Programming, Functional Programming and R},
	author = {Chambers, John M.},
	year = {2014},
	month = {05},
	date = {2014-05-01},
	journal = {Statistical Science},
	volume = {29},
	number = {2},
	doi = {10.1214/13-STS452},
	url = {http://arxiv.org/abs/1409.3531},
	note = {arXiv:1409.3531 [cs, stat]}
}

@article{lumley2004,
	title = {Analysis of Complex Survey Samples},
	author = {Lumley, Thomas},
	year = {2004},
	month = {04},
	date = {2004-04-15},
	journal = {Journal of Statistical Software},
	pages = {1--19},
	volume = {9},
	doi = {10.18637/jss.v009.i08},
	url = {https://doi.org/10.18637/jss.v009.i08},
	langid = {en}
}

@article{lumley2024a,
	title = {survey: analysis of complex survey samples},
	author = {Lumley, Thomas},
	year = {2024},
	date = {2024}
}

@book{barrett2024,
	title = {data.table: Extension of `data.frame`},
	author = {Barrett, Tyson and Dowle, Matt and Srinivasan, Arun and Gorecki, Jan and Chirico, Michael and Hocking, Toby and Schwendinger, Benjamin},
	year = {2024},
	date = {2024},
	url = {https://CRAN.R-project.org/package=data.table}
}

@book{hester2024,
	title = {glue: Interpreted String Literals},
	author = {Hester, Jim and Bryan, Jennifer},
	year = {2024},
	date = {2024},
	url = {https://CRAN.R-project.org/package=glue}
}

@article{ooms2014,
	title = {The jsonlite Package: A Practical and Consistent Mapping Between JSON Data and R Objects},
	author = {Ooms, Jeroen},
	year = {2014},
	date = {2014},
	journal = {arXiv:1403.2805 [stat.CO]},
	url = {https://arxiv.org/abs/1403.2805}
}

@book{wickham2023a,
	title = {httr: Tools for Working with URLs and HTTP},
	author = {Wickham, Hadley},
	year = {2023},
	date = {2023},
	url = {https://CRAN.R-project.org/package=httr}
}

@book{almendeb.v.andcontributors2022,
	title = {visNetwork: Network Visualization using 'vis.js' Library},
	author = {Almende B.V. and Contributors,  and Thieurmel, Benoit},
	year = {2022},
	date = {2022},
	url = {https://CRAN.R-project.org/package=visNetwork}
}

@book{henry2024,
	title = {rlang: Functions for Base Types and Core R and 'Tidyverse' Features},
	author = {Henry, Lionel and Wickham, Hadley},
	year = {2024},
	date = {2024},
	url = {https://rlang.r-lib.org}
}

@article{wickham2019a,
	title = {Welcome to the tidyverse},
	author = {Wickham, Hadley and Averick, Mara and Bryan, Jennifer and Chang, Winston and McGowan, {Lucy D'Agostino} and {François}, Romain and Grolemund, Garrett and Hayes, Alex and Henry, Lionel and Hester, Jim and Kuhn, Max and Pedersen, Thomas Lin and Miller, Evan and Bache, Stephan Milton and {Müller}, Kirill and Ooms, Jeroen and Robinson, David and Seidel, Dana Paige and Spinu, Vitalie and Takahashi, Kohske and Vaughan, Davis and Wilke, Claus and Woo, Kara and Yutani, Hiroaki},
	year = {2019},
	date = {2019},
	journal = {Journal of Open Source Software},
	pages = {1686},
	volume = {4},
	number = {43},
	doi = {10.21105/joss.01686}
}

@book{rcoreteam2023a,
	title = {foreign: Read Data Stored by 'Minitab', 'S', 'SAS', 'SPSS', 'Stata', 'Systat', 'Weka', 'dBase', ...},
	author = {R Core Team, },
	year = {2023},
	date = {2023},
	url = {https://CRAN.R-project.org/package=foreign}
}

@book{schauberger2024,
	title = {openxlsx: Read, Write and Edit xlsx Files},
	author = {Schauberger, Philipp and Walker, Alexander},
	year = {2024},
	date = {2024},
	url = {https://CRAN.R-project.org/package=openxlsx}
}

@book{wickham2023b,
	title = {haven: Import and Export 'SPSS', 'Stata' and 'SAS' Files},
	author = {Wickham, Hadley and Miller, Evan and Smith, Danny},
	year = {2023},
	date = {2023},
	url = {https://CRAN.R-project.org/package=haven}
}


@misc{nvie_gitflow,
  author       = {Vincent Driessen},
  title        = {A Successful Git Branching Model},
  year         = {2010},
  url          = {https://nvie.com/posts/a-successful-git-branching-model/},
  note         = {Accedido el 17 de noviembre de 2024}
}


@manual{pre_commit,
  author       = {Anthony Sottile and Contributors},
  title        = {pre-commit: A framework for managing and maintaining multi-language pre-commit hooks},
  year         = {2024},
  url          = {https://pre-commit.com},
  note         = {Último acceso: 17 de noviembre de 2024}
}


@Manual{devtools,
    title = {devtools: Tools to Make Developing R Packages Easier},
    author = {Hadley Wickham and Jim Hester and Winston Chang and Jennifer Bryan},
    year = {2022},
    note = {R package version 2.4.5},
    url = {https://CRAN.R-project.org/package=devtools},
  }

  @Manual{pkgdown,
    title = {pkgdown: Make Static HTML Documentation for a Package},
    author = {Hadley Wickham and Jay Hesselberth and Maëlle Salmon and Olivier Roy and Salim Brüggemann},
    year = {2024},
    note = {R package version 2.1.0},
    url = {https://CRAN.R-project.org/package=pkgdown},
  }

  @Article{testthat,
    author = {Hadley Wickham},
    title = {testthat: Get Started with Testing},
    journal = {The R Journal},
    year = {2011},
    volume = {3},
    pages = {5--10},
    url = {https://journal.r-project.org/archive/2011-1/RJournal_2011-1_Wickham.pdf},
  }

@Manual{usethis,
    title = {usethis: Automate Package and Project Setup},
    author = {Hadley Wickham and Jennifer Bryan and Malcolm Barrett and Andy Teucher},
    year = {2024},
    note = {R package version 2.2.3},
    url = {https://CRAN.R-project.org/package=usethis},
  }
@misc{rpackag,
	title = {R Packages (2e)},
	url = {https://r-pkgs.org/}
}

@software{ropensci_2024_10797633,
  author       = {rOpenSci and
                  Anderson, Brooke and
                  Chamberlain, Scott and
                  DeCicco, Laura and
                  Gustavsen, Julia and
                  Krystalli, Anna and
                  Lepore, Mauro and
                  Mullen, Lincoln and
                  Ram, Karthik and
                  Ross, Noam and
                  Salmon, Maëlle and
                  Vidoni, Melina and
                  Riederer, Emily and
                  Sparks, Adam and
                  Hollister, Jeff},
  title        = {{rOpenSci Packages: Development, Maintenance, and 
                   Peer Review}},
  month        = mar,
  year         = 2024,
  publisher    = {Zenodo},
  version      = {0.9.0},
  doi          = {10.5281/zenodo.10797633},
  url          = {https://doi.org/10.5281/zenodo.10797633}
}

@manual{codecov,
  title        = {Codecov: Code Coverage Insights},
  year         = {2024},
  url          = {https://about.codecov.io},
  note         = {Último acceso: 17 de noviembre de 2024}
}


@manual{github_actions,
  title        = {GitHub Actions: Automate Your Workflow},
  organization = {GitHub},
  year         = {2024},
  url          = {https://github.com/features/actions},
  note         = {Último acceso: 17 de noviembre de 2024}
}
